@article{agarwal2016bibliometrics,
  title={Bibliometrics: tracking research impact by selecting the appropriate metrics},
  author={Agarwal, Ashok and Durairajanayagam, Damayanthi and Tatagari, Sindhuja and Esteves, Sandro C and Harlev, Avi and Henkel, Ralf and Roychoudhury, Shubhadeep and Homa, Sheryl and Puchalt, Nicol{\'a}s Garrido and Ramasamy, Ranjith and others},
  journal={Asian journal of andrology},
  volume={18},
  number={2},
  pages={296},
  year={2016},
  publisher={Wolters Kluwer--Medknow Publications}
}

@article{hirsch2005index,
  title={An index to quantify an individual's scientific research output},
  author={Hirsch, Jorge E},
  journal={Proceedings of the National academy of Sciences},
  volume={102},
  number={46},
  pages={16569--16572},
  year={2005},
  publisher={National Acad Sciences}
}
@article{abramo2013assessing,
  title={Assessing the accuracy of the h-and g-indexes for measuring researchers' productivity},
  author={Abramo, Giovanni and D'Angelo, Ciriaco Andrea and Viel, Fulvio},
  journal={Journal of the American Society for Information Science and Technology},
  volume={64},
  number={6},
  pages={1224--1234},
  year={2013},
  publisher={Wiley Online Library}
}
@article{batista2006possible,
  title={Is it possible to compare researchers with different scientific interests?},
  author={Batista, Pablo D and Campiteli, M{\^o}nica G and Kinouchi, Osame},
  journal={Scientometrics},
  volume={68},
  number={1},
  pages={179--189},
  year={2006},
  publisher={Akad{\'e}miai Kiad{\'o}, co-published with Springer Science+ Business Media BV~…}
}
@article{sidiropoulos2007generalized,
  title={Generalized Hirsch h-index for disclosing latent facts in citation networks},
  author={Sidiropoulos, Antonis and Katsaros, Dimitrios and Manolopoulos, Yannis},
  journal={Scientometrics},
  volume={72},
  number={2},
  pages={253--280},
  year={2007},
  publisher={Springer}
}
@article{schreiber2008share,
  title={To share the fame in a fair way, hm modifies h for multi-authored manuscripts},
  author={Schreiber, Michael},
  journal={New Journal of Physics},
  volume={10},
  number={4},
  pages={040201},
  year={2008},
  publisher={IOP Publishing}
}
@article{egghe2006theory,
  title={Theory and practise of the g-index},
  author={Egghe, Leo},
  journal={Scientometrics},
  volume={69},
  number={1},
  pages={131--152},
  year={2006},
  publisher={Akad{\'e}miai Kiad{\'o}, co-published with Springer Science+ Business Media BV~…}
}
@article{prathap2010there,
  title={Is there a place for a mock h-index?},
  author={Prathap, Gangan},
  journal={Scientometrics},
  volume={84},
  number={1},
  pages={153--165},
  year={2010},
  publisher={Akad{\'e}miai Kiad{\'o}, co-published with Springer Science+ Business Media BV~…}
}
@misc{dbpl,
  title = {Digital Bibliography & Library Project},
  howpublished = {\url{https://fr.wikipedia.org/wiki/Digital_Bibliography_%26_Library_Project#cite_note-dblp-1}},
  note = {Accessed: 2020-03-20}
}
@misc{larix,
  title = {GitHub code link},
  howpublished = {\url{https://github.com/LariXii/InitRecherche}},
  note = {Accessed: 2020-03-25}
}